@article{Rose:2013,
year={2013},
issn={1619-1366},
journal={Software \& Systems Modeling},
volume={12},
number={1},
doi={10.1007/s10270-011-0203-2},
title={Genericity for model management operations},
url={http://dx.doi.org/10.1007/s10270-011-0203-2},
publisher={Springer-Verlag},
keywords={Model management; Genericity; Reusability; Epsilon; Eclipse Modelling Framework},
author={Rose, Louis and Guerra, Esther and de Lara, Juan and Etien, Anne and Kolovos, Dimitris and Paige, Richard},
pages={201-219},
language={English}
}

@misc{UML:2011,
  author = {Object Management Group (OMG)},
  edition = {Version 2.4.1},
  keywords = {metamodel omg specification uml},
  number = {OMG Document Number: formal/2011-08-06},
  timestamp = {2013-10-18T15:41:52.000+0200},
  title = {UML 2.4.1 Superstructure Specification},
  year = {2011}
}

@incollection{Kelly:2013,
year={2013},
isbn={978-3-642-36925-4},
booktitle={Seminal Contributions to Information Systems Engineering},
editor={Bubenko, Janis and Krogstie, John and Pastor, Oscar and Pernici, Barbara and Rolland, Colette and Sølvberg, Arne},
doi={10.1007/978-3-642-36926-1_10},
title={MetaEdit+ at the Age of 20},
url={http://dx.doi.org/10.1007/978-3-642-36926-1_10},
publisher={Springer Berlin Heidelberg},
author={Kelly, Steven and Lyytinen, Kalle and Rossi, Matti and Tolvanen, JuhaPekka},
pages={131-137},
language={English}
}

@book{Steinberg:2009,
 author = {Steinberg, David and Budinsky, Frank and Paternostro, Marcelo and Merks, Ed},
 title = {EMF: Eclipse Modeling Framework 2.0},
 year = {2009},
 isbn = {0321331885},
 edition = {2nd},
 publisher = {Addison-Wesley Professional},
} 

@article{Olson:1987,
year={1987},
issn={0013-1954},
journal={Educational Studies in Mathematics},
volume={18},
number={4},
doi={10.1007/BF00240985},
title={Linking logo, levels and language in mathematics},
url={http://dx.doi.org/10.1007/BF00240985},
publisher={Kluwer Academic Publishers},
author={Olson, A.T. and Kieren, T.E. and Ludwig, S.},
pages={359-370},
language={English}
}

@incollection{Bettini:2013,
year={2013},
isbn={978-3-642-36088-6},
booktitle={Software Language Engineering},
volume={7745},
series={Lecture Notes in Computer Science},
editor={Czarnecki, Krzysztof and Hedin, G\"orel},
doi={10.1007/978-3-642-36089-3_22},
title={Approaches and Tools for Implementing Type Systems in Xtext},
url={http://dx.doi.org/10.1007/978-3-642-36089-3_22},
publisher={Springer Berlin Heidelberg},
author={Bettini, Lorenzo and Stoll, Dietmar and V\"olter, Markus and Colameo, Serano},
pages={392-412},
language={English}
}


@article{Caldiera:1991,
 author = {Caldiera, Gianluigi and Basili, Victor R.},
 title = {Identifying and Qualifying Reusable Software Components},
 journal = {Computer},
 issue_date = {February 1991},
 volume = {24},
 number = {2},
 month = feb,
 year = {1991},
 issn = {0018-9162},
 pages = {61--70},
 numpages = {10},
 url = {http://dx.doi.org/10.1109/2.67210},
 doi = {10.1109/2.67210},
 acmid = {103294},
 publisher = {IEEE Computer Society Press},
 address = {Los Alamitos, CA, USA},
} 

@incollection{Clark:2013,
year={2013},
isbn={978-3-642-36653-6},
booktitle={Domain Engineering},
editor={Reinhartz-Berger, Iris and Sturm, Arnon and Clark, Tony and Cohen, Sholom and Bettin, Jorn},
doi={10.1007/978-3-642-36654-3_8},
title={Domain Engineering for Software Tools},
url={http://dx.doi.org/10.1007/978-3-642-36654-3_8},
publisher={Springer Berlin Heidelberg},
keywords={Domain specific language; Meta-modelling; Software tools},
author={Clark, Tony and Barn, BalbirS.},
pages={187-209},
language={English}
}

@incollection{Storm:2013,
year={2013},
isbn={978-3-642-36088-6},
booktitle={Software Language Engineering},
volume={7745},
series={Lecture Notes in Computer Science},
editor={Czarnecki, Krzysztof and Hedin, Görel},
doi={10.1007/978-3-642-36089-3_2},
title={Object Grammars},
url={http://dx.doi.org/10.1007/978-3-642-36089-3_2},
publisher={Springer Berlin Heidelberg},
author={van der Storm, Tijs and Cook, WilliamR. and Loh, Alex},
pages={4-23},
language={English}
}

@inproceedings{Biegel:2010,
 author = {Biegel, Benjamin and Diehl, Stephan},
 title = {JCCD: A Flexible and Extensible API for Implementing Custom Code Clone Detectors},
 booktitle = {Proceedings of the IEEE/ACM International Conference on Automated Software Engineering},
 series = {ASE '10},
 year = {2010},
 isbn = {978-1-4503-0116-9},
 location = {Antwerp, Belgium},
 pages = {167--168},
 numpages = {2},
 url = {http://doi.acm.org/10.1145/1858996.1859029},
 doi = {10.1145/1858996.1859029},
 acmid = {1859029},
 publisher = {ACM},
 address = {New York, NY, USA},
 keywords = {code clone, reuse},
} 

@incollection{Lucanu:2013,
year={2013},
isbn={978-3-642-38612-1},
booktitle={Integrated Formal Methods},
volume={7940},
series={Lecture Notes in Computer Science},
editor={Johnsen, EinarBroch and Petre, Luigia},
doi={10.1007/978-3-642-38613-8_25},
title={Program Equivalence by Circular Reasoning},
url={http://dx.doi.org/10.1007/978-3-642-38613-8_25},
publisher={Springer Berlin Heidelberg},
author={Lucanu, Dorel and Rusu, Vlad},
pages={362-377},
language={English}
}

@incollection{Combemale:2013,
year={2013},
isbn={978-3-642-36088-6},
booktitle={Software Language Engineering},
volume={7745},
series={Lecture Notes in Computer Science},
editor={Czarnecki, Krzysztof and Hedin, Görel},
doi={10.1007/978-3-642-36089-3_11},
title={Bridging the Chasm between Executable Metamodeling and Models of Computation},
url={http://dx.doi.org/10.1007/978-3-642-36089-3_11},
publisher={Springer Berlin Heidelberg},
author={Combemale, Benoit and Hardebolle, C\'ecile and Jacquet, Christophe and Boulanger, Fr\'ed\'eric and Baudry, Benoit},
pages={184-203},
language={English}
}


@incollection{Lafi:2011,
year={2011},
isbn={978-3-642-24442-1},
booktitle={Model and Data Engineering},
volume={6918},
series={Lecture Notes in Computer Science},
editor={Bellatreche, Ladjel and Mota Pinto, Filipe},
doi={10.1007/978-3-642-24443-8_29},
title={Metamodel Matching Techniques in MDA: Challenge, Issues and Comparison},
url={http://dx.doi.org/10.1007/978-3-642-24443-8_29},
publisher={Springer Berlin Heidelberg},
keywords={Metamodel matching; Model transformation; semi-automatic transformation process; Comparison and Evaluation},
author={Lafi, Lamine and Hammoudi, Slimane and Feki, Jamel},
pages={278-286},
language={English}
}

@article{Vacchi:2015,
title = {Neverlang: A framework for feature-oriented language development},
journal = {Computer Languages, Systems \& Structures},
volume = {43},
pages = {1 - 40},
year = {2015},
issn = {1477-8424},
doi = {http://dx.doi.org/10.1016/j.cl.2015.02.001},
url = {http://www.sciencedirect.com/science/article/pii/S1477842415000056},
author = {Vacchi, Edoardo and Cazzola, Walter},
}

@article{Mernik:2013,
 author = {Mernik, Marjan},
 title = {An Object-oriented Approach to Language Compositions for Software Language Engineering},
 journal = {J. Syst. Softw.},
 issue_date = {September, 2013},
 volume = {86},
 number = {9},
 month = sep,
 year = {2013},
 issn = {0164-1212},
 pages = {2451--2464},
 numpages = {14},
 url = {http://dx.doi.org/10.1016/j.jss.2013.04.087},
 doi = {10.1016/j.jss.2013.04.087},
 acmid = {2514272},
 publisher = {Elsevier Science Inc.},
 address = {New York, NY, USA},
 keywords = {Domain-specific languages, Language composition, Software language engineering},
} 

@inproceedings{degueule:2015,
  TITLE = {Melange: A Meta-language for Modular and Reusable Development of DSLs},
  AUTHOR = {Degueule, Thomas and Combemale, Benoit and Blouin, Arnaud and Barais, Olivier and J{\'e}z{\'e}quel, Jean-Marc},
  URL = {https://hal.inria.fr/hal-01197038},
  BOOKTITLE = {8th International Conference on Software Language Engineering (SLE)},
  ADDRESS = {Pittsburgh, United States},
  YEAR = {2015},
  MONTH = Oct,
  KEYWORDS = {Domain-specific languages ; language reuse ; lan-guage composition ; model typing ; melange},
  PDF = {https://hal.inria.fr/hal-01197038/file/sle15-melange.pdf},
  HAL_ID = {hal-01197038},
  HAL_VERSION = {v1},
}

@incollection{Cleenewerck:2003,
year={2003},
isbn={978-3-540-20102-1},
booktitle={Generative Programming and Component Engineering},
volume={2830},
series={Lecture Notes in Computer Science},
editor={Pfenning, Frank and Smaragdakis, Yannis},
doi={10.1007/978-3-540-39815-8_15},
title={Component-Based DSL Development},
url={http://dx.doi.org/10.1007/978-3-540-39815-8_15},
publisher={Springer Berlin Heidelberg},
author={Cleenewerck, Thomas},
pages={245-264},
language={English}
}

@incollection{Mosses:2001,
year={2001},
isbn={978-3-540-43075-9},
booktitle={Perspectives of System Informatics},
volume={2244},
series={Lecture Notes in Computer Science},
editor={Bj{\o}rner, Dines and Broy, Manfred and Zamulin, Alexandre V.},
doi={10.1007/3-540-45575-2_18},
title={The Varieties of Programming Language Semantics And Their Uses},
url={http://dx.doi.org/10.1007/3-540-45575-2_18},
publisher={Springer Berlin Heidelberg},
author={Mosses, Peter D.},
pages={165-190},
language={English}
}

@book{voelter:2013,
	author		= {Markus V\"olter and Sebastian Benz and Christian Dietrich and Birgit Engelmann and Mats Helander and Lennart C. L. Kats and Eelco Visser and Guido Wachsmuth},
	title		= {{DSL} Engineering - Designing, Implementing and Using Domain-Specific Languages},
	publisher	= {dslbook.org},
	year		= {2013},
	isbn		= {978-1-4812-1858-0},
	url		= {http://www.dslbook.org},
	topic		= {model-driven software development,domain-specific languages,Programming languages},
	group		= {SE}
}

@article{Mernik:2005b,
 author = {Mernik, Marjan and Heering, Jan and Sloane, Anthony M.},
 title = {When and How to Develop Domain-specific Languages},
 journal = {ACM Comput. Surv.},
 issue_date = {December 2005},
 volume = {37},
 number = {4},
 month = dec,
 year = {2005},
 issn = {0360-0300},
 pages = {316--344},
 numpages = {29},
 url = {http://doi.acm.org/10.1145/1118890.1118892},
 doi = {10.1145/1118890.1118892},
 acmid = {1118892},
 publisher = {ACM},
 address = {New York, NY, USA},
 keywords = {Domain-specific language, application language, domain analysis, language development system},
}

@inproceedings{Combemale:2013b,
  TITLE = {Reifying Concurrency for Executable Metamodeling},
  AUTHOR = {Combemale, Benoit and Deantoni, Julien and Vara Larsen, Matias and Mallet, Fr{\'e}d{\'e}ric and Barais, Olivier and Baudry, Benoit and France, Robert},
  URL = {https://hal.inria.fr/hal-00850770},
  BOOKTITLE = {6th International Conference on Software Language Engineering},
  ADDRESS = {Indianapolis, IN, United States},
  EDITOR = {Erwig, Martin and Paige, Richard F. and Van Wyk, Eric},
  PUBLISHER = {Springer},
  SERIES = {SLE},
  VOLUME = {8225},
  PAGES = {365-384},
  YEAR = {2013},
  MONTH = {Oct},
  DOI = {10.1007/978-3-319-02654-1\_20},
}

@article{Harel:2004b, 
author={Harel, David and Rumpe, Bernhard}, 
journal={Computer}, 
title={Meaningful modeling: what's the semantics of ``semantics"?}, 
year={2004}, 
month={Oct}, 
volume={37}, 
number={10}, 
pages={64-72}, 
doi={10.1109/MC.2004.172}, 
ISSN={0018-9162}
}

@incollection{Cook:2006,
year={2006},
isbn={978-3-540-40927-4},
booktitle={Modular Programming Languages},
volume={4228},
series={Lecture Notes in Computer Science},
editor={Lightfoot, DavidE. and Szyperski, Clemens},
doi={10.1007/11860990_1},
title={Separating Concerns with Domain Specific Languages},
url={http://dx.doi.org/10.1007/11860990_1},
publisher={Springer Berlin Heidelberg},
author={Cook, Steve},
pages={1-3},
language={English}
}


@article{Schewe:2008,
year={2008},
issn={0219-1377},
journal={Knowledge and Information Systems},
volume={15},
number={3},
doi={10.1007/s10115-007-0083-5},
title={Typed Abstract State Machines for data-intensive applications},
url={http://dx.doi.org/10.1007/s10115-007-0083-5},
publisher={Springer-Verlag},
keywords={Abstract state machines; Types; Data warehouses; Refinement},
author={Schewe, Klaus-Dieter and Zhao, Jane},
pages={381-391},
language={English}
}

@incollection{Eberius:2012,
year={2012},
isbn={978-3-642-27996-6},
booktitle={Current Trends in Web Engineering},
volume={7059},
series={Lecture Notes in Computer Science},
editor={Harth, Andreas and Koch, Nora},
doi={10.1007/978-3-642-27997-3_36},
title={A Domain-Specific Language for Do-It-Yourself Analytical Mashups},
url={http://dx.doi.org/10.1007/978-3-642-27997-3_36},
publisher={Springer Berlin Heidelberg},
keywords={data analytics; data mashups; natural language queries},
author={Eberius, Julian and Thiele, Maik and Lehner, Wolfgang},
pages={337-341},
language={English}
}

@incollection{Hamann:2012,
year={2012},
isbn={978-3-642-33665-2},
booktitle={Model Driven Engineering Languages and Systems},
volume={7590},
series={Lecture Notes in Computer Science},
editor={France, RobertB. and Kazmeier, Jürgen and Breu, Ruth and Atkinson, Colin},
doi={10.1007/978-3-642-33666-9_16},
title={On Integrating Structure and Behavior Modeling with OCL},
url={http://dx.doi.org/10.1007/978-3-642-33666-9_16},
publisher={Springer Berlin Heidelberg},
keywords={Structure modeling; Behavior modeling; UML; OCL; Protocol state machine; State invariant; Guard; Transition postcondition},
author={Hamann, Lars and Hofrichter, Oliver and Gogolla, Martin},
pages={235-251},
language={English}
}


@inproceedings{Oney:2012,
 author = {Oney, Stephen and Myers, Brad and Brandt, Joel},
 title = {ConstraintJS: Programming Interactive Behaviors for the Web by Integrating Constraints and States},
 booktitle = {Proceedings of the 25th Annual ACM Symposium on User Interface Software and Technology},
 series = {UIST '12},
 year = {2012},
 isbn = {978-1-4503-1580-7},
 location = {Cambridge, Massachusetts, USA},
 pages = {229--238},
 numpages = {10},
 doi = {10.1145/2380116.2380146},
 acmid = {2380146},
 publisher = {ACM},
 address = {New York, NY, USA},
 keywords = {bindings, constraints, finite-state machines, user interface technology, web development},
}

@incollection{Lodderstedt:2002,
year={2002},
isbn={978-3-540-44254-7},
booktitle={UML 2002 - The Unified Modeling Language},
volume={2460},
series={Lecture Notes in Computer Science},
editor={J\'ez\'equel, Jean-Marc and Hussmann, Heinrich and Cook, Stephen},
doi={10.1007/3-540-45800-X_33},
title={SecureUML: A UML-Based Modeling Language for Model-Driven Security},
url={http://dx.doi.org/10.1007/3-540-45800-X_33},
publisher={Springer Berlin Heidelberg},
author={Lodderstedt, Torsten and Basin, David and Doser, J\"urgen},
pages={426-441},
language={English}
}

@incollection{Kleppe:2009,
year={2009},
isbn={978-3-642-00433-9},
booktitle={Software Language Engineering},
volume={5452},
series={Lecture Notes in Computer Science},
editor={Ga?evi?, Dragan and Lämmel, Ralf and Van Wyk, Eric},
doi={10.1007/978-3-642-00434-6_1},
title={The Field of Software Language Engineering},
url={http://dx.doi.org/10.1007/978-3-642-00434-6_1},
publisher={Springer Berlin Heidelberg},
keywords={language engineering; software language; mogram; linguistic utterance; abstract syntax; concrete syntax; semantics; keynote},
author={Kleppe, Anneke},
pages={1-7},
language={English}
}


@ARTICLE{White:2009, 
author={White, J. and Hill, James H. and Gray, J. and Tambe, S. and Gokhale, A.S. and Schmidt, D.C.}, 
journal={Software, IEEE}, 
title={Improving Domain-Specific Language Reuse with Software Product Line Techniques}, 
year={2009}, 
month={July}, 
volume={26}, 
number={4}, 
pages={47-53}, 
keywords={software reusability;specification languages;complex software systems;domain-specific language reuse;software life cycle;software product line techniques;Application software;Context modeling;DSL;Domain specific languages;Embedded software;Hardware;Light scattering;Programming;System testing;Traffic control;domain analysis;domain hierarchy;domain-specific languages;feature models;reuse;software engineering;software product lines}, 
doi={10.1109/MS.2009.95}, 
ISSN={0740-7459},}

@incollection{Zschaler:2010b,
year={2010},
isbn={978-3-642-12106-7},
booktitle={Software Language Engineering},
volume={5969},
series={Lecture Notes in Computer Science},
editor={van den Brand, Mark and Ga?evi?, Dragan and Gray, Jeff},
doi={10.1007/978-3-642-12107-4_23},
title={Domain-Specific Metamodelling Languages for Software Language Engineering},
url={http://dx.doi.org/10.1007/978-3-642-12107-4_23},
publisher={Springer Berlin Heidelberg},
author={Zschaler, Steffen and Kolovos, Dimitrios S. and Drivalos, Nikolaos and Paige, Richard F. and Rashid, Awais},
pages={334-353},
language={English}
}

@inproceedings{jezequel:2014,
    hal_id = {hal-01024166},
    url = {http://hal.inria.fr/hal-01024166},
    title = {{When Systems Engineering Meets Software Language Engineering}},
    author = {J{\'e}z{\'e}quel, Jean-Marc and M{\'e}ndez-Acu{\~n}a, David and Degueule, Thomas and Combemale, Benoit and Barais, Olivier},
    language = {Anglais},
    affiliation = {DIVERSE - INRIA - IRISA},
    booktitle = {{CSD\&M'14 - Complex Systems Design \& Management}},
    publisher = {Springer},
    address = {Paris, France},
    audience = {internationale },
    collaboration = {Bilateral collaboration VaryMDE between INRIA and Thales Research \& Technology },
    year = {2014},
    month = Nov,
    pdf = {http://hal.inria.fr/hal-01024166/PDF/csdm14-sle.pdf},
}

@ARTICLE{Combemale:2014, 
author={Combemale, B. and Deantoni, J. and Baudry, B. and France, R.B. and J\'ez\'equel, J.-M. and Gray, J.}, 
journal={Computer}, 
title={Globalizing Modeling Languages}, 
year={2014}, 
volume={47}, 
number={6}, 
pages={68-71}, 
keywords={software development management;specification languages;domain-specific modeling language;globalized DSMLs;independent DSML development;language heterogeneity;runtime management;software-intensive systems development;Adaptation models;Analytical models;Computational modeling;Computer languages;Domain specific languages;Globalization;Software development;model-driven engineering;modeling language;software engineering;software language engineering}, 
doi={10.1109/MC.2014.147}, 
ISSN={0018-9162}, 
month={June},}

@article{Mora:2011,
year={2011},
issn={0963-9314},
journal={Software Quality Journal},
volume={19},
number={1},
doi={10.1007/s11219-010-9111-x},
title={Graphical versus textual software measurement modelling: an empirical study},
url={http://dx.doi.org/10.1007/s11219-010-9111-x},
publisher={Springer US},
keywords={Software measurement; DSL; Empirical validation},
author={Mora, B. and García, F. and Ruiz, F. and Piattini, M.},
pages={201-233},
language={English}
}

@inproceedings{Eichelberger:2013,
 author = {Eichelberger, Holger and Schmid, Klaus},
 title = {A Systematic Analysis of Textual Variability Modeling Languages},
 booktitle = {Proceedings of the 17th International Software Product Line Conference},
 series = {SPLC '13},
 year = {2013},
 isbn = {978-1-4503-1968-3},
 location = {Tokyo, Japan},
 pages = {12--21},
 numpages = {10},
 url = {http://doi.acm.org/10.1145/2491627.2491652},
 doi = {10.1145/2491627.2491652},
 acmid = {2491652},
 publisher = {ACM},
 address = {New York, NY, USA},
 keywords = {scalability, software product lines, textual variability modeling, variability management, variability modeling in the large},
}

@incollection{Heidenreich:2009,
year={2009},
isbn={978-3-642-02673-7},
booktitle={Model Driven Architecture - Foundations and Applications},
volume={5562},
series={Lecture Notes in Computer Science},
editor={Paige, RichardF. and Hartman, Alan and Rensink, Arend},
doi={10.1007/978-3-642-02674-4_9},
title={Derivation and Refinement of Textual Syntax for Models},
url={http://dx.doi.org/10.1007/978-3-642-02674-4_9},
publisher={Springer Berlin Heidelberg},
author={Heidenreich, Florian and Johannes, Jendrik and Karol, Sven and Seifert, Mirko and Wende, Christian},
pages={114-129},
language={English}
}

@incollection{Zschaler:2010,
year={2010},
isbn={978-3-642-12106-7},
booktitle={Software Language Engineering},
volume={5969},
series={Lecture Notes in Computer Science},
editor={van den Brand, Mark and Ga?evi?, Dragan and Gray, Jeff},
doi={10.1007/978-3-642-12107-4_7},
title={VML* \- A Family of Languages for Variability Management in Software Product Lines},
url={http://dx.doi.org/10.1007/978-3-642-12107-4_7},
publisher={Springer Berlin Heidelberg},
keywords={Software Product Lines; Family of Languages; Domain-specific Languages; Variability Management},
author={Zschaler, Steffen and S\'anchez, Pablo and Santos, Jo\~{a}o and Alf\'erez, Mauricio and Rashid, Awais and Fuentes, Lidia and Moreira, Ana and Ara\'ujo, Jo\~{a}o and Kulesza, Uir\'a},
pages={82-102},
language={English}
}

@electronic{OMG:2005,
    author = {Group, O.M.G.},
    institution = {OMG},
    posted-at = {2006-06-25 00:34:57},
    year = {2005},
    title = {UML Specification, Version 2.0}
}

@book{Kleppe:2008,
 author = {Kleppe, A.},
 title = {Software Language Engineering: Creating Domain-Specific Languages Using Metamodels},
 year = {2008},
 edition = {1},
 publisher = {Addison-Wesley Professional},
}

@incollection{Favre:2011,
year={2011},
isbn={978-3-642-19439-9},
booktitle={Software Language Engineering},
volume={6563},
series={LNCS},
title={Empirical Language Analysis in Software Linguistics},
url={http://dx.doi.org/10.1007/978-3-642-19440-5_21},
publisher={Springer},
author={Favre, J-M. and Gasevic, D. and Lämmel, R. and Pek, E.},
pages={316-326}
}

@incollection{Harel:2004,
year={2004},
isbn={978-3-540-23135-6},
booktitle={Integration of Software Specification Techniques for Applications in Engineering},
volume={3147},
series={Lecture Notes in Computer Science},
editor={Ehrig, Hartmut and Damm, Werner and Desel, Jörg and Große-Rhode, Martin and Reif, Wolfgang and Schnieder, Eckehard and Westkämper, Engelbert},
doi={10.1007/978-3-540-27863-4_19},
title={The Rhapsody Semantics of Statecharts (or, On the Executable Core of the UML)},
url={http://dx.doi.org/10.1007/978-3-540-27863-4_19},
publisher={Springer Berlin Heidelberg},
author={Harel, David and Kugler, Hillel},
pages={325-354},
language={English}
}

@article{Harel:1996,
 author = {Harel, David and Naamad, Amnon},
 title = {The STATEMATE Semantics of Statecharts},
 journal = {ACM Trans. Softw. Eng. Methodol.},
 issue_date = {Oct. 1996},
 volume = {5},
 number = {4},
 month = oct,
 year = {1996},
 issn = {1049-331X},
 pages = {293--333},
 numpages = {41},
 url = {http://doi.acm.org/10.1145/235321.235322},
 doi = {10.1145/235321.235322},
 acmid = {235322},
 publisher = {ACM},
 address = {New York, NY, USA},
 keywords = {STATEMATE, behavioral modeling, reactive system, semantics, statechart},
} 

@article{Crane:2007,
year={2007},
issn={1619-1366},
journal={Software \& Systems Modeling},
volume={6},
number={4},
doi={10.1007/s10270-006-0042-8},
title={UML vs. classical vs. rhapsody statecharts: not all models are created equal},
url={http://dx.doi.org/10.1007/s10270-006-0042-8},
publisher={Springer-Verlag},
author={Crane, MichelleL. and Dingel, Juergen},
pages={415-435},
language={English}
}

@incollection{Cazzola:2013b,
year={2013},
isbn={978-3-319-02653-4},
booktitle={Software Language Engineering},
volume={8225},
series={Lecture Notes in Computer Science},
editor={Erwig, Martin and Paige, RichardF. and Wyk, Eric},
doi={10.1007/978-3-319-02654-1_5},
title={Variability Support in Domain-Specific Language Development},
url={http://dx.doi.org/10.1007/978-3-319-02654-1_5},
publisher={Springer International Publishing},
keywords={Domain-Specific Languages; Language Design and Implementation; Variability Management; CVL and Neverlang},
author={Vacchi, Edoardo and Cazzola, Walter and Pillay, Suresh and Combemale, Benoît},
pages={76-95}
}

@INPROCEEDINGS{Cazzola:2012,
    author = {Walter Cazzola},
    title = {Domain-specific languages in few steps: The Neverlang approach},
    booktitle = {In Proc. of Intl. Conf. on Software Composition (SC), volume 7306 of LNCS},
    year = {2012},
    pages = {162--177},
    publisher = {Springer}
}

@inproceedings{vacchi:2014,
    url = {http://hal.inria.fr/hal-01023864},
    title = {{Automating Variability Model Inference for Component-Based Language Implementations}},
    author = {Vacchi, Edoardo and Cazzola, Walter and Combemale, Benoit and Acher, Mathieu},
    keywords = {Variability Models ; SW Product Lines ; DSL Implementation},
    language = {Anglais},
    affiliation = {Dipartimento di Scienze dell'Informazione [Milano] , Dipartimento di Informatica - ISLab , DIVERSE - INRIA - IRISA},
    booktitle = {{SPLC'14 - 18th International Software Product Line Conference}},
    publisher = {ACM},
    address = {Florence, Italie},
    editor = {Patrick Heymans and Julia Rubin },
    year = {2014},
    month = Sep,
}

@inproceedings{Liebig:2013,
 author = {Liebig, J\"{o}rg and Daniel, Rolf and Apel, Sven},
 title = {Feature-oriented Language Families: A Case Study},
 booktitle = {Proceedings of the Seventh International Workshop on Variability Modelling of Software-intensive Systems},
 series = {VaMoS '13},
 year = {2013},
 isbn = {978-1-4503-1541-8},
 location = {Pisa, Italy},
 pages = {11:1--11:8},
 articleno = {11},
 numpages = {8},
 url = {http://doi.acm.org/10.1145/2430502.2430518},
 doi = {10.1145/2430502.2430518},
 acmid = {2430518},
 publisher = {ACM},
 address = {New York, NY, USA},
 keywords = {feature-oriented programming, language evolution, language families},
}

@incollection{Cengarle:2009,
year={2009},
isbn={978-3-642-04424-3},
booktitle={Model Driven Engineering Languages and Systems},
volume={5795},
series={Lecture Notes in Computer Science},
editor={Schürr, Andy and Selic, Bran},
doi={10.1007/978-3-642-04425-0_54},
title={Variability within Modeling Language Definitions},
url={http://dx.doi.org/10.1007/978-3-642-04425-0_54},
publisher={Springer Berlin Heidelberg},
keywords={Modeling languages; variability; formal semantics; UML},
author={Cengarle, Mar\'ia Victoria and Gr\"onniger, Hans and Rumpe, Bernhard},
pages={670-684},
language={English}
}

@incollection{Berger:2014,
  author    = {Christian Berger and
               Holger Rendel and
               Bernhard Rumpe},
  title     = {Measuring the Ability to Form a Product Line from Existing Products},
  journal   = {CoRR},
  volume    = {abs/1409.6583},
  year      = {2014},
  url       = {http://arxiv.org/abs/1409.6583},
  timestamp = {Wed, 01 Oct 2014 15:00:04 +0200},
  biburl    = {http://dblp.uni-trier.de/rec/bib/journals/corr/0001RR14},
  bibsource = {dblp computer science bibliography, http://dblp.org}
}

@incollection{Berger:126283,
      author       = {Berger, Christian and Rendel, Holger and Rumpe, Bernhard
                      and Busse, Carsten and Jablonski, Thorsten and Wolf, Fabian},
      title        = {{P}roduct {L}ine {M}etrics for {L}egacy {S}oftware in
                      {P}ractice},
      address      = {Lancaster},
      publisher    = {Univ.},
      isbn         = {978-1-86220-274-0},
      pages        = {247-250},
      year         = {2010},
      booktitle     = {SPLC 2010 : Proceedings of the 14th
                       International Software Product Line
                       Conference},
      cin          = {121510 / 120000},
      cid          = {$I:(DE-82)121510_20140620$ / $I:(DE-82)120000_20140620$},
      typ          = {PUB:(DE-HGF)8},
      url          = {http://publications.rwth-aachen.de/record/126283},
}

@incollection{Gronniger:2009,
year={2009},
isbn={978-3-642-02137-4},
booktitle={Formal Techniques for Distributed Systems},
volume={5522},
series={Lecture Notes in Computer Science},
editor={Lee, David and Lopes, Antónia and Poetzsch-Heffter, Arnd},
doi={10.1007/978-3-642-02138-1_10},
title={System Model-Based Definition of Modeling Language Semantics},
url={http://dx.doi.org/10.1007/978-3-642-02138-1_10},
publisher={Springer Berlin Heidelberg},
author={Gronniger, Hans and Ringert, Jan Oliver and Rumpe, Bernhard},
pages={152-166},
language={English}
}

@inproceedings{Kuhn:2015,
 author = {K\"{u}hn, Thomas and Cazzola, Walter and Olivares, Diego Mathias},
 title = {Choosy and Picky: Configuration of Language Product Lines},
 booktitle = {Proceedings of the 19th International Conference on Software Product Line},
 series = {SPLC '15},
 year = {2015},
 isbn = {978-1-4503-3613-0},
 location = {Nashville, Tennessee},
 pages = {71--80},
 numpages = {10},
 url = {http://doi.acm.org/10.1145/2791060.2791092},
 doi = {10.1145/2791060.2791092},
 acmid = {2791092},
 publisher = {ACM},
 address = {New York, NY, USA},
 keywords = {language composition, language product lines},
} 

@incollection{Fecher:2005,
year={2005},
isbn={978-3-540-29797-0},
booktitle={Formal Methods and Software Engineering},
volume={3785},
series={Lecture Notes in Computer Science},
editor={Lau, Kung-Kiu and Banach, Richard},
doi={10.1007/11576280_5},
title={29 New Unclarities in the Semantics of UML 2.0 State Machines},
url={http://dx.doi.org/10.1007/11576280_5},
publisher={Springer Berlin Heidelberg},
author={Fecher, Harald and Sch\"onborn, Jens and Kyas, Marcel and de Roever, Willem-Paul},
pages={52-65},
language={English}
}

@book{Linden:2007,
 author = {Linden, Frank J. van der and Schmid, Klaus and Rommes, Eelco},
 title = {Software Product Lines in Action: The Best Industrial Practice in Product Line Engineering},
 year = {2007},
 isbn = {3540714367},
 publisher = {Springer-Verlag New York, Inc.},
 address = {Secaucus, NJ, USA},
}

@article{Rumpe:2010,
year={2010},
issn={1433-2779},
journal={International Journal on Software Tools for Technology Transfer},
volume={12},
number={5},
doi={10.1007/s10009-010-0142-1},
title={MontiCore: a framework for compositional development of domain specific languages},
url={http://dx.doi.org/10.1007/s10009-010-0142-1},
publisher={Springer-Verlag},
keywords={Domain specific language; Grammarware; Composition},
author={Krahn, Holger and Rumpe, Bernhard and V\"olkel, Steven},
pages={353-372},
language={English}
}