@book{voelter:2013,
	author		= {Markus V\"olter and Sebastian Benz and Christian Dietrich and Birgit Engelmann and Mats Helander and Lennart C. L. Kats and Eelco Visser and Guido Wachsmuth},
	title		= {{DSL} Engineering - Designing, Implementing and Using Domain-Specific Languages},
	publisher	= {dslbook.org},
	year		= {2013},
	isbn		= {978-1-4812-1858-0},
	url		= {http://www.dslbook.org},
	topic		= {model-driven software development,domain-specific languages,Programming languages},
	group		= {SE}
}

@incollection{Cook:2006,
year={2006},
isbn={978-3-540-40927-4},
booktitle={Modular Programming Languages},
volume={4228},
series={Lecture Notes in Computer Science},
editor={Lightfoot, DavidE. and Szyperski, Clemens},
doi={10.1007/11860990_1},
title={Separating Concerns with Domain Specific Languages},
url={http://dx.doi.org/10.1007/11860990_1},
publisher={Springer Berlin Heidelberg},
author={Cook, Steve},
pages={1-3},
language={English}
}


@article{Schewe:2008,
year={2008},
issn={0219-1377},
journal={Knowledge and Information Systems},
volume={15},
number={3},
doi={10.1007/s10115-007-0083-5},
title={Typed Abstract State Machines for data-intensive applications},
url={http://dx.doi.org/10.1007/s10115-007-0083-5},
publisher={Springer-Verlag},
keywords={Abstract state machines; Types; Data warehouses; Refinement},
author={Schewe, Klaus-Dieter and Zhao, Jane},
pages={381-391},
language={English}
}

@incollection{Eberius:2012,
year={2012},
isbn={978-3-642-27996-6},
booktitle={Current Trends in Web Engineering},
volume={7059},
series={Lecture Notes in Computer Science},
editor={Harth, Andreas and Koch, Nora},
doi={10.1007/978-3-642-27997-3_36},
title={A Domain-Specific Language for Do-It-Yourself Analytical Mashups},
url={http://dx.doi.org/10.1007/978-3-642-27997-3_36},
publisher={Springer Berlin Heidelberg},
keywords={data analytics; data mashups; natural language queries},
author={Eberius, Julian and Thiele, Maik and Lehner, Wolfgang},
pages={337-341},
language={English}
}

@incollection{Hamann:2012,
year={2012},
isbn={978-3-642-33665-2},
booktitle={Model Driven Engineering Languages and Systems},
volume={7590},
series={Lecture Notes in Computer Science},
editor={France, RobertB. and Kazmeier, Jürgen and Breu, Ruth and Atkinson, Colin},
doi={10.1007/978-3-642-33666-9_16},
title={On Integrating Structure and Behavior Modeling with OCL},
url={http://dx.doi.org/10.1007/978-3-642-33666-9_16},
publisher={Springer Berlin Heidelberg},
keywords={Structure modeling; Behavior modeling; UML; OCL; Protocol state machine; State invariant; Guard; Transition postcondition},
author={Hamann, Lars and Hofrichter, Oliver and Gogolla, Martin},
pages={235-251},
language={English}
}


@inproceedings{Oney:2012,
 author = {Oney, Stephen and Myers, Brad and Brandt, Joel},
 title = {ConstraintJS: Programming Interactive Behaviors for the Web by Integrating Constraints and States},
 booktitle = {Proceedings of the 25th Annual ACM Symposium on User Interface Software and Technology},
 series = {UIST '12},
 year = {2012},
 isbn = {978-1-4503-1580-7},
 location = {Cambridge, Massachusetts, USA},
 pages = {229--238},
 numpages = {10},
 doi = {10.1145/2380116.2380146},
 acmid = {2380146},
 publisher = {ACM},
 address = {New York, NY, USA},
 keywords = {bindings, constraints, finite-state machines, user interface technology, web development},
}

@incollection{Lodderstedt:2002,
year={2002},
isbn={978-3-540-44254-7},
booktitle={UML 2002 - The Unified Modeling Language},
volume={2460},
series={Lecture Notes in Computer Science},
editor={J\'ez\'equel, Jean-Marc and Hussmann, Heinrich and Cook, Stephen},
doi={10.1007/3-540-45800-X_33},
title={SecureUML: A UML-Based Modeling Language for Model-Driven Security},
url={http://dx.doi.org/10.1007/3-540-45800-X_33},
publisher={Springer Berlin Heidelberg},
author={Lodderstedt, Torsten and Basin, David and Doser, J\"urgen},
pages={426-441},
language={English}
}

@incollection{Kleppe:2009,
year={2009},
isbn={978-3-642-00433-9},
booktitle={Software Language Engineering},
volume={5452},
series={Lecture Notes in Computer Science},
editor={Ga?evi?, Dragan and Lämmel, Ralf and Van Wyk, Eric},
doi={10.1007/978-3-642-00434-6_1},
title={The Field of Software Language Engineering},
url={http://dx.doi.org/10.1007/978-3-642-00434-6_1},
publisher={Springer Berlin Heidelberg},
keywords={language engineering; software language; mogram; linguistic utterance; abstract syntax; concrete syntax; semantics; keynote},
author={Kleppe, Anneke},
pages={1-7},
language={English}
}


@ARTICLE{White:2009, 
author={White, J. and Hill, James H. and Gray, J. and Tambe, S. and Gokhale, A.S. and Schmidt, D.C.}, 
journal={Software, IEEE}, 
title={Improving Domain-Specific Language Reuse with Software Product Line Techniques}, 
year={2009}, 
month={July}, 
volume={26}, 
number={4}, 
pages={47-53}, 
keywords={software reusability;specification languages;complex software systems;domain-specific language reuse;software life cycle;software product line techniques;Application software;Context modeling;DSL;Domain specific languages;Embedded software;Hardware;Light scattering;Programming;System testing;Traffic control;domain analysis;domain hierarchy;domain-specific languages;feature models;reuse;software engineering;software product lines}, 
doi={10.1109/MS.2009.95}, 
ISSN={0740-7459},}

@incollection{Zschaler:2010b,
year={2010},
isbn={978-3-642-12106-7},
booktitle={Software Language Engineering},
volume={5969},
series={Lecture Notes in Computer Science},
editor={van den Brand, Mark and Ga?evi?, Dragan and Gray, Jeff},
doi={10.1007/978-3-642-12107-4_23},
title={Domain-Specific Metamodelling Languages for Software Language Engineering},
url={http://dx.doi.org/10.1007/978-3-642-12107-4_23},
publisher={Springer Berlin Heidelberg},
author={Zschaler, Steffen and Kolovos, Dimitrios S. and Drivalos, Nikolaos and Paige, Richard F. and Rashid, Awais},
pages={334-353},
language={English}
}

@inproceedings{jezequel:2014,
    hal_id = {hal-01024166},
    url = {http://hal.inria.fr/hal-01024166},
    title = {{When Systems Engineering Meets Software Language Engineering}},
    author = {J{\'e}z{\'e}quel, Jean-Marc and M{\'e}ndez-Acu{\~n}a, David and Degueule, Thomas and Combemale, Benoit and Barais, Olivier},
    language = {Anglais},
    affiliation = {DIVERSE - INRIA - IRISA},
    booktitle = {{CSD\&M'14 - Complex Systems Design \& Management}},
    publisher = {Springer},
    address = {Paris, France},
    audience = {internationale },
    collaboration = {Bilateral collaboration VaryMDE between INRIA and Thales Research \& Technology },
    year = {2014},
    month = Nov,
    pdf = {http://hal.inria.fr/hal-01024166/PDF/csdm14-sle.pdf},
}

@ARTICLE{Combemale:2014, 
author={Combemale, B. and Deantoni, J. and Baudry, B. and France, R.B. and J\'ez\'equel, J.-M. and Gray, J.}, 
journal={Computer}, 
title={Globalizing Modeling Languages}, 
year={2014}, 
volume={47}, 
number={6}, 
pages={68-71}, 
keywords={software development management;specification languages;domain-specific modeling language;globalized DSMLs;independent DSML development;language heterogeneity;runtime management;software-intensive systems development;Adaptation models;Analytical models;Computational modeling;Computer languages;Domain specific languages;Globalization;Software development;model-driven engineering;modeling language;software engineering;software language engineering}, 
doi={10.1109/MC.2014.147}, 
ISSN={0018-9162}, 
month={June},}

@article{Mora:2011,
year={2011},
issn={0963-9314},
journal={Software Quality Journal},
volume={19},
number={1},
doi={10.1007/s11219-010-9111-x},
title={Graphical versus textual software measurement modelling: an empirical study},
url={http://dx.doi.org/10.1007/s11219-010-9111-x},
publisher={Springer US},
keywords={Software measurement; DSL; Empirical validation},
author={Mora, B. and García, F. and Ruiz, F. and Piattini, M.},
pages={201-233},
language={English}
}

@inproceedings{Eichelberger:2013,
 author = {Eichelberger, Holger and Schmid, Klaus},
 title = {A Systematic Analysis of Textual Variability Modeling Languages},
 booktitle = {Proceedings of the 17th International Software Product Line Conference},
 series = {SPLC '13},
 year = {2013},
 isbn = {978-1-4503-1968-3},
 location = {Tokyo, Japan},
 pages = {12--21},
 numpages = {10},
 url = {http://doi.acm.org/10.1145/2491627.2491652},
 doi = {10.1145/2491627.2491652},
 acmid = {2491652},
 publisher = {ACM},
 address = {New York, NY, USA},
 keywords = {scalability, software product lines, textual variability modeling, variability management, variability modeling in the large},
}

@incollection{Heidenreich:2009,
year={2009},
isbn={978-3-642-02673-7},
booktitle={Model Driven Architecture - Foundations and Applications},
volume={5562},
series={Lecture Notes in Computer Science},
editor={Paige, RichardF. and Hartman, Alan and Rensink, Arend},
doi={10.1007/978-3-642-02674-4_9},
title={Derivation and Refinement of Textual Syntax for Models},
url={http://dx.doi.org/10.1007/978-3-642-02674-4_9},
publisher={Springer Berlin Heidelberg},
author={Heidenreich, Florian and Johannes, Jendrik and Karol, Sven and Seifert, Mirko and Wende, Christian},
pages={114-129},
language={English}
}

@incollection{Zschaler:2010,
year={2010},
isbn={978-3-642-12106-7},
booktitle={Software Language Engineering},
volume={5969},
series={Lecture Notes in Computer Science},
editor={van den Brand, Mark and Ga?evi?, Dragan and Gray, Jeff},
doi={10.1007/978-3-642-12107-4_7},
title={VML* ? A Family of Languages for Variability Management in Software Product Lines},
url={http://dx.doi.org/10.1007/978-3-642-12107-4_7},
publisher={Springer Berlin Heidelberg},
keywords={Software Product Lines; Family of Languages; Domain-specific Languages; Variability Management},
author={Zschaler, Steffen and Sánchez, Pablo and Santos, João and Alférez, Mauricio and Rashid, Awais and Fuentes, Lidia and Moreira, Ana and Araújo, João and Kulesza, Uirá},
pages={82-102},
language={English}
}

@electronic{OMG:2005,
    author = {Group, O.M.G.},
    institution = {OMG},
    posted-at = {2006-06-25 00:34:57},
    year = {2005},
    title = {UML Specification, Version 2.0}
}

@book{Kleppe:2008,
 author = {Kleppe, A.},
 title = {Software Language Engineering: Creating Domain-Specific Languages Using Metamodels},
 year = {2008},
 edition = {1},
 publisher = {Addison-Wesley Professional},
}

@incollection{Favre:2011,
year={2011},
isbn={978-3-642-19439-9},
booktitle={Software Language Engineering},
volume={6563},
series={LNCS},
title={Empirical Language Analysis in Software Linguistics},
url={http://dx.doi.org/10.1007/978-3-642-19440-5_21},
publisher={Springer},
author={Favre, J-M. and Gasevic, D. and Lämmel, R. and Pek, E.},
pages={316-326}
}

@incollection{Harel:2004,
year={2004},
isbn={978-3-540-23135-6},
booktitle={Integration of Software Specification Techniques for Applications in Engineering},
volume={3147},
series={Lecture Notes in Computer Science},
editor={Ehrig, Hartmut and Damm, Werner and Desel, Jörg and Große-Rhode, Martin and Reif, Wolfgang and Schnieder, Eckehard and Westkämper, Engelbert},
doi={10.1007/978-3-540-27863-4_19},
title={The Rhapsody Semantics of Statecharts (or, On the Executable Core of the UML)},
url={http://dx.doi.org/10.1007/978-3-540-27863-4_19},
publisher={Springer Berlin Heidelberg},
author={Harel, David and Kugler, Hillel},
pages={325-354},
language={English}
}

@article{Harel:1996,
 author = {Harel, David and Naamad, Amnon},
 title = {The STATEMATE Semantics of Statecharts},
 journal = {ACM Trans. Softw. Eng. Methodol.},
 issue_date = {Oct. 1996},
 volume = {5},
 number = {4},
 month = oct,
 year = {1996},
 issn = {1049-331X},
 pages = {293--333},
 numpages = {41},
 url = {http://doi.acm.org/10.1145/235321.235322},
 doi = {10.1145/235321.235322},
 acmid = {235322},
 publisher = {ACM},
 address = {New York, NY, USA},
 keywords = {STATEMATE, behavioral modeling, reactive system, semantics, statechart},
} 

@article{Crane:2007,
year={2007},
issn={1619-1366},
journal={Software \& Systems Modeling},
volume={6},
number={4},
doi={10.1007/s10270-006-0042-8},
title={UML vs. classical vs. rhapsody statecharts: not all models are created equal},
url={http://dx.doi.org/10.1007/s10270-006-0042-8},
publisher={Springer-Verlag},
author={Crane, MichelleL. and Dingel, Juergen},
pages={415-435},
language={English}
}

@incollection{Cazzola:2013b,
year={2013},
isbn={978-3-319-02653-4},
booktitle={Software Language Engineering},
volume={8225},
series={Lecture Notes in Computer Science},
editor={Erwig, Martin and Paige, RichardF. and Wyk, Eric},
doi={10.1007/978-3-319-02654-1_5},
title={Variability Support in Domain-Specific Language Development},
url={http://dx.doi.org/10.1007/978-3-319-02654-1_5},
publisher={Springer International Publishing},
keywords={Domain-Specific Languages; Language Design and Implementation; Variability Management; CVL and Neverlang},
author={Vacchi, Edoardo and Cazzola, Walter and Pillay, Suresh and Combemale, Benoît},
pages={76-95}
}

@INPROCEEDINGS{Cazzola:2012,
    author = {Walter Cazzola},
    title = {Domain-specific languages in few steps: The Neverlang approach},
    booktitle = {In Proc. of Intl. Conf. on Software Composition (SC), volume 7306 of LNCS},
    year = {2012},
    pages = {162--177},
    publisher = {Springer}
}

@inproceedings{vacchi:2014,
    url = {http://hal.inria.fr/hal-01023864},
    title = {{Automating Variability Model Inference for Component-Based Language Implementations}},
    author = {Vacchi, Edoardo and Cazzola, Walter and Combemale, Benoit and Acher, Mathieu},
    abstract = {{Recently, domain-specific language development has become again a topic of interest, as a means to help designing solutions to domain-specific problems. Componentized language frameworks, coupled with variability modeling, have the potential to bring language development to the masses, by simplifying the configuration of a new language from an existing set of reusable components. However, designing variability models for this purpose requires not only a good understanding of these frameworks and the way components interact, but also an adequate familiarity with the problem domain. In this paper we propose an approach to automatically infer a relevant variability model from a collection of already implemented language components, given a structured, but general representation of the domain. We describe techniques to assist users in achieving a better understanding of the relationships between language components, and find out which languages can be derived from them with respect to the given domain.}},
    keywords = {Variability Models ; SW Product Lines ; DSL Implementation},
    language = {Anglais},
    affiliation = {Dipartimento di Scienze dell'Informazione [Milano] , Dipartimento di Informatica - ISLab , DIVERSE - INRIA - IRISA},
    booktitle = {{SPLC'14 - 18th International Software Product Line Conference}},
    publisher = {ACM},
    address = {Florence, Italie},
    editor = {Patrick Heymans and Julia Rubin },
    year = {2014},
    month = Sep,
}

@inproceedings{Liebig:2013,
 author = {Liebig, J\"{o}rg and Daniel, Rolf and Apel, Sven},
 title = {Feature-oriented Language Families: A Case Study},
 booktitle = {Proceedings of the Seventh International Workshop on Variability Modelling of Software-intensive Systems},
 series = {VaMoS '13},
 year = {2013},
 isbn = {978-1-4503-1541-8},
 location = {Pisa, Italy},
 pages = {11:1--11:8},
 articleno = {11},
 numpages = {8},
 url = {http://doi.acm.org/10.1145/2430502.2430518},
 doi = {10.1145/2430502.2430518},
 acmid = {2430518},
 publisher = {ACM},
 address = {New York, NY, USA},
 keywords = {feature-oriented programming, language evolution, language families},
}

@incollection{Cengarle:2009,
year={2009},
isbn={978-3-642-04424-3},
booktitle={Model Driven Engineering Languages and Systems},
volume={5795},
series={Lecture Notes in Computer Science},
editor={Schürr, Andy and Selic, Bran},
doi={10.1007/978-3-642-04425-0_54},
title={Variability within Modeling Language Definitions},
url={http://dx.doi.org/10.1007/978-3-642-04425-0_54},
publisher={Springer Berlin Heidelberg},
keywords={Modeling languages; variability; formal semantics; UML},
author={Cengarle, Mar\'ia Victoria and Gr\"onniger, Hans and Rumpe, Bernhard},
pages={670-684},
language={English}
}

@incollection{Berger:2014,
  author    = {Christian Berger and
               Holger Rendel and
               Bernhard Rumpe},
  title     = {Measuring the Ability to Form a Product Line from Existing Products},
  journal   = {CoRR},
  volume    = {abs/1409.6583},
  year      = {2014},
  url       = {http://arxiv.org/abs/1409.6583},
  timestamp = {Wed, 01 Oct 2014 15:00:04 +0200},
  biburl    = {http://dblp.uni-trier.de/rec/bib/journals/corr/0001RR14},
  bibsource = {dblp computer science bibliography, http://dblp.org}
}

@incollection{Berger:126283,
      author       = {Berger, Christian and Rendel, Holger and Rumpe, Bernhard
                      and Busse, Carsten and Jablonski, Thorsten and Wolf, Fabian},
      title        = {{P}roduct {L}ine {M}etrics for {L}egacy {S}oftware in
                      {P}ractice},
      address      = {Lancaster},
      publisher    = {Univ.},
      isbn         = {978-1-86220-274-0},
      pages        = {247-250},
      year         = {2010},
      booktitle     = {SPLC 2010 : Proceedings of the 14th
                       International Software Product Line
                       Conference},
      cin          = {121510 / 120000},
      cid          = {$I:(DE-82)121510_20140620$ / $I:(DE-82)120000_20140620$},
      typ          = {PUB:(DE-HGF)8},
      url          = {http://publications.rwth-aachen.de/record/126283},
}

@incollection{Gronniger:2009,
year={2009},
isbn={978-3-642-02137-4},
booktitle={Formal Techniques for Distributed Systems},
volume={5522},
series={Lecture Notes in Computer Science},
editor={Lee, David and Lopes, Antónia and Poetzsch-Heffter, Arnd},
doi={10.1007/978-3-642-02138-1_10},
title={System Model-Based Definition of Modeling Language Semantics},
url={http://dx.doi.org/10.1007/978-3-642-02138-1_10},
publisher={Springer Berlin Heidelberg},
author={Gronniger, Hans and Ringert, Jan Oliver and Rumpe, Bernhard},
pages={152-166},
language={English}
}


@incollection{Fecher:2005,
year={2005},
isbn={978-3-540-29797-0},
booktitle={Formal Methods and Software Engineering},
volume={3785},
series={Lecture Notes in Computer Science},
editor={Lau, Kung-Kiu and Banach, Richard},
doi={10.1007/11576280_5},
title={29 New Unclarities in the Semantics of UML 2.0 State Machines},
url={http://dx.doi.org/10.1007/11576280_5},
publisher={Springer Berlin Heidelberg},
author={Fecher, Harald and Sch\"onborn, Jens and Kyas, Marcel and de Roever, Willem-Paul},
pages={52-65},
language={English}
}

@book{Linden:2007,
 author = {Linden, Frank J. van der and Schmid, Klaus and Rommes, Eelco},
 title = {Software Product Lines in Action: The Best Industrial Practice in Product Line Engineering},
 year = {2007},
 isbn = {3540714367},
 publisher = {Springer-Verlag New York, Inc.},
 address = {Secaucus, NJ, USA},
}

@article{Rumpe:2010,
year={2010},
issn={1433-2779},
journal={International Journal on Software Tools for Technology Transfer},
volume={12},
number={5},
doi={10.1007/s10009-010-0142-1},
title={MontiCore: a framework for compositional development of domain specific languages},
url={http://dx.doi.org/10.1007/s10009-010-0142-1},
publisher={Springer-Verlag},
keywords={Domain specific language; Grammarware; Composition},
author={Krahn, Holger and Rumpe, Bernhard and V\"olkel, Steven},
pages={353-372},
language={English}
}